@article{laskar2004,
	author = {Laskar, Jacques and Robutel, Philippe and Joutel, Fr{\'e}d{\'e}ric and Gastineau, Mickael and Correia, ACM and Levrard, Benjamin},
	journal = {Astronomy \& Astrophysics},
	number = {1},
	pages = {261--285},
	publisher = {EDP Sciences},
	title = {A long-term numerical solution for the insolation quantities of the Earth},
	volume = {428},
	year = 2004
}

@article{milankovitch1941canon,
	author = {Milankovitch, MM},
	journal = {Koniglich Serbische Akademice Beograd Special Publication},
	publisher = {US Dept. of Commerce and National Science Foundation},
	title = {Canon of insolation and the iceage problem},
	volume = {132},
	year = {1941}
}
@article{sussman1992,
  title={Chaotic evolution of the solar system},
  author={Sussman, Gerald Jay and Wisdom, Jack},
  journal={Science},
  volume={257},
  number={5066},
  pages={56--62},
  year={1992},
  publisher={American Association for the Advancement of Science}
}

@article{laskar2010,
	author = {Laskar, Jacques and Fienga, Agn{\`e}s and Gastineau, Mickael and Manche, Herve},
	journal = {Astronomy \& Astrophysics},
	pages = {A89},
	publisher = {EDP Sciences},
	title = {La2010: a new orbital solution for the long-term motion of the Earth},
	volume = {532},
	year = {2011}
}

@article{hays1976,
	author = {Hays, James D and Imbrie, John and Shackleton, Nicholas J and others},
	journal = {Science},
	number = {4270},
	pages = {1121--1132},
	publisher = {New York},
	title = {Variations in the Earth{\rq}s orbit: pacemaker of the ice ages},
	volume = {194},
	year = {1976}
}

@article{imbrie1982,
  title={Astronomical theory of the Pleistocene ice ages: A brief historical review},
  author={Imbrie, John},
  journal={Icarus},
  volume={50},
  number={2-3},
  pages={408--422},
  year={1982},
  publisher={Elsevier}
}
@article{gradstein2004,
  title={A new geologic time scale, with special reference to Precambrian and Neogene},
  author={Gradstein, Felix M and Ogg, James G and Smith, Alan G and Bleeker, Wouter and Lourens, Lucas J},
  journal={Episodes},
  volume={27},
  number={2},
  pages={83--100},
  year={2004}
}
@book{gradstein2012,
	title={The geologic time scale 2012},
	author={Gradstein, Felix M and Ogg, James George and Schmitz, Mark and Ogg, Gabi},
	year={2012},
	publisher={elsevier}
}

@ARTICLE{Laskar2012history,
   author = {{Laskar}, J.},
    title = "{Is the Solar System Stable ?}",
  journal = {arXiv e-prints},
archivePrefix = "arXiv",
   eprint = {1209.5996},
 primaryClass = "astro-ph.EP",
 keywords = {Astrophysics - Earth and Planetary Astrophysics, Mathematical Physics, Nonlinear Sciences - Chaotic Dynamics},
     year = 2012,
    month = sep,
   adsurl = {https://ui.adsabs.harvard.edu/abs/2012arXiv1209.5996L},
  adsnote = {Provided by the SAO/NASA Astrophysics Data System}
}

@article{bretagnon1974termes,
  title={Termes {\`a} longues p{\'e}riodes dans le syst{\`e}me solaire},
  author={Bretagnon, P},
  journal={Astron. Astrophys},
  volume={30},
  number={1},
  pages={141--154},
  year={1974}
}
@book{lagrange1782theorie,
  title={Th{\'e}orie des variations s{\'e}culaires des {\'e}l{\'e}mens des plan{\`e}tes. Seconde partie. Contenant la d{\'e}termination de ces variations pour chacune des plan{\`e}tes principales},
  author={Lagrange, Joseph Louis},
  year={1782}
}
@inproceedings{le1856,
  title={Recherches astronomiques:(suite)},
  author={Le Verrier, Urbain J},
  booktitle={Annales de l'Observatoire de Paris},
  volume={2},
  year={1856}
}
@ARTICLE{Hill1873,
   author = {{Hill}, G.~W.},
    title = "{On the Inequality of Long Period in the Longitude of Saturn, whose argument is six times the mean anomaly of Saturn minus twice that of Jupiter minus three times that of Uranus. By G. W. Hill}",
  journal = {Astronomische Nachrichten},
     year = 1873,
    month = aug,
   volume = 82,
    pages = {83},
      doi = {10.1002/asna.18730820603},
   adsurl = {https://ui.adsabs.harvard.edu/abs/1873AN.....82...83H},
  adsnote = {Provided by the SAO/NASA Astrophysics Data System}
}
@article{laskar1989,
  title={A numerical experiment on the chaotic behaviour of the solar system},
  author={Laskar, Jacques},
  journal={Nature},
  volume={338},
  number={6212},
  pages={237},
  year={1989},
  publisher={Nature Publishing Group}
}

@article{Laskar2009,
  title={Existence of collisional trajectories of Mercury, Mars and Venus with the Earth},
  author={Laskar, Jacques and Gastineau, Mickael},
  journal={Nature},
  volume={459},
  number={7248},
  pages={817},
  year={2009},
  publisher={Nature Publishing Group}
}

@article{laskar1985,
  title={Accurate methods in general planetary theory},
  author={Laskar, J},
  journal={Astronomy and Astrophysics},
  volume={144},
  pages={133--146},
  year={1985}
}

@article{laskar1988,
  title={Secular evolution of the solar system over 10 million years},
  author={Laskar, J.},
  journal={Astronomy and Astrophysics},
  volume={198},
  pages={341--362},
  year={1988}
}
@article{quinn1991,
  title={A three million year integration of the Earth's orbit},
  author={Quinn, Thomas R and Tremaine, Scott and Duncan, Martin},
  journal={The Astronomical Journal},
  volume={101},
  pages={2287--2305},
  year={1991}
}
@ARTICLE{laskar1990,
	author = {Laskar, J.},
	title = "{The chaotic motion of the solar system - A numerical estimate of the size of the chaotic zones}",
	journal = {\icarus},
	keywords = {Chaos, Computational Astrophysics, Liapunov Functions, Solar System, Numerical Integration, Pluto (Planet)},
	year = {1990},
	month = dec,
	volume = 88,
	pages = {266-291},
	doi = {10.1016/0019-1035(90)90084-M},
	adsurl = {https://ui.adsabs.harvard.edu/abs/1990Icar...88..266L},
	adsnote = {Provided by the SAO/NASA Astrophysics Data System}
}


@ARTICLE{laskar1992,
	author = {{Laskar}, J. and {Quinn}, T. and {Tremaine}, S.},
	title = "{Confirmation of resonant structure in the solar system}",
	journal = {\icarus},
	keywords = {Orbital Resonances (Celestial Mechanics), Planets, Solar Orbits, Solar System, Astronomical Models, Chaos, Numerical Integration, Precession},
	year = {1992},
	month = jan,
	volume = 95,
	pages = {148-152},
	doi = {10.1016/0019-1035(92)90196-E},
	adsurl = {https://ui.adsabs.harvard.edu/abs/1992Icar...95..148L},
	adsnote = {Provided by the SAO/NASA Astrophysics Data System}
}


@article{olsen2019,
  title={Mapping Solar System chaos with the Geological Orrery},
  author={Olsen, Paul E and Laskar, Jacques and Kent, Dennis V and Kinney, Sean T and Reynolds, David J and Sha, Jingeng and Whiteside, Jessica H},
  journal={Proceedings of the National Academy of Sciences},
  pages={201813901},
  year={2019},
  publisher={National Acad Sciences}
}

@article{laskar1993FA,
  title={Frequency analysis for multi-dimensional systems. Global dynamics and diffusion},
  author={Laskar, Jacques},
  journal={Physica D: Nonlinear Phenomena},
  volume={67},
  number={1-3},
  pages={257--281},
  year={1993},
  publisher={Elsevier}
}
@ARTICLE{laskar2008,
	author = {{Laskar}, J.},
	title = "{Chaotic diffusion in the Solar System}",
	journal = {\icarus},
	archivePrefix = "arXiv",
	eprint = {0802.3371},
	year = 2008,
	month = jul,
	volume = 196,
	pages = {1-15},
	doi = {10.1016/j.icarus.2008.02.017},
	adsurl = {https://ui.adsabs.harvard.edu/abs/2008Icar..196....1L},
	adsnote = {Provided by the SAO/NASA Astrophysics Data System}
}


@article{ma2017,
	title={Theory of chaotic orbital variations confirmed by Cretaceous geological evidence},
	author={Ma, Chao and Meyers, Stephen R and Sageman, Bradley B},
	journal={Nature},
	volume={542},
	number={7642},
	pages={468},
	year={2017},
	publisher={Nature Publishing Group}
}

@ARTICLE{federico2017,
	author = {{Mogavero}, F.},
	title = "{Addressing the statistical mechanics of planet orbits in the solar system}",
	journal = {\aap},
	archivePrefix = "arXiv",
	eprint = {1703.09225},
	primaryClass = "astro-ph.EP",
	keywords = {planets and satellites: dynamical evolution and stability, chaos, celestial mechanics},
	year = 2017,
	month = oct,
	volume = 606,
	eid = {A79},
	pages = {A79},
	doi = {10.1051/0004-6361/201730916},
	adsurl = {https://ui.adsabs.harvard.edu/abs/2017A%26A...606A..79M},
	adsnote = {Provided by the SAO/NASA Astrophysics Data System}
}


@article{gauss1818,
	author = {Gauss, C.F.},	
	journal = {Werke},	
	pages = {331â€“356},	
	publisher = {Gottingen, Comm. Soc.},	
	title = {Determinatio attractionis quam in punctum quodvis positionis datae exerceret [etc]},	
	volume = 3,	
	year = 1818
}
@ARTICLE{touma2009,
	author = {{Touma}, J.~R. and {Tremaine}, S. and {Kazandjian}, M.~V.},
	title = "{Gauss's method for secular dynamics, softened}",
	journal = {\mnras},
	archivePrefix = "arXiv",
	eprint = {0811.2812},
	keywords = {stellar dynamics , celestial mechanics , galaxies: kinematics and dynamics , galaxies: nuclei},
	year = 2009,
	month = apr,
	volume = 394,
	pages = {1085-1108},
	doi = {10.1111/j.1365-2966.2009.14409.x},
	adsurl = {https://ui.adsabs.harvard.edu/abs/2009MNRAS.394.1085T},
	adsnote = {Provided by the SAO/NASA Astrophysics Data System}
}

@article{gastineau2011trip,
  title={Trip: a computer algebra system dedicated to celestial mechanics and perturbation series},
  author={Gastineau, Micka{\"e}l and Laskar, Jacques},
  journal={ACM Communications in Computer Algebra},
  volume={44},
  number={3/4},
  pages={194--197},
  year={2011},
  publisher={ACM}
}
@article{laskar1995,
	title={Stability of the planetary three-body problem},
	author={Laskar, Jacques and Robutel, Philippe},
	journal={Celestial Mechanics and Dynamical Astronomy},
	volume={62},
	number={3},
	pages={193--217},
	year={1995},
	publisher={Springer}
}

@article{meyers2018,
  title={Proterozoic Milankovitch cycles and the history of the solar system},
  author={Meyers, Stephen R and Malinverno, Alberto},
  journal={Proceedings of the National Academy of Sciences},
  volume={115},
  number={25},
  pages={6363--6368},
  year={2018},
  publisher={National Acad Sciences}
}